<?xml version="1.0" encoding="UTF-8"?>
<record xmlns="http://www.loc.gov/MARC21/slim" xmlns:xsi="http://www.w3.org/2001/XMLSchema-instance" xsi:schemaLocation="http://www.loc.gov/MARC21/slim http://www.loc.gov/standards/marcxml/schema/MARC21slim.xsd">
<leader>00000nam a2200229 a 4500</leader>
<controlfield tag="001">001676338</controlfield>
<controlfield tag="003">NNU</controlfield>
<controlfield tag="005">20150118154701.0</controlfield>
<controlfield tag="008">920817s1884    ua            000 0 ara d</controlfield>
<datafield tag="035" ind1="9" ind2=" ">
<subfield code="a">NYUb12219684</subfield>
</datafield>
<datafield tag="035" ind1=" " ind2=" ">
<subfield code="a">(CStRLIN)NJPG92-B45165</subfield>
</datafield>
<datafield tag="040" ind1=" " ind2=" ">
<subfield code="a">NjP</subfield>
<subfield code="c">NjP</subfield>
</datafield>
<datafield tag="100" ind1="1" ind2=" ">
<subfield code="6">880-01</subfield>
<subfield code="a">Ibn Hudhayl, ʻAlī ibn ʻAbd al-Raḥmān,</subfield>
<subfield code="d">active 14th century.</subfield>
</datafield>
<datafield tag="240" ind1="1" ind2="0">
<subfield code="6">880-02</subfield>
<subfield code="a">ʻAyn al-adab wa-al-siyāsah wa-zayn al-ḥasab wa-al-riyāsah</subfield>
</datafield>
<datafield tag="245" ind1="1" ind2="0">
<subfield code="6">880-03</subfield>
<subfield code="a">Kitāb ʻayn al-adab wa-al-siyāsah wa-zayn al-ḥasab wa-al-riyāsah /</subfield>
<subfield code="c">li-Abī al-Ḥasan ʻAlī ibn Hudhayl.</subfield>
</datafield>
<datafield tag="250" ind1=" " ind2=" ">
<subfield code="6">880-04</subfield>
<subfield code="a">al-Ṭabʻah 1.</subfield>
</datafield>
<datafield tag="260" ind1=" " ind2=" ">
<subfield code="6">880-05</subfield>
<subfield code="a">Miṣr :</subfield>
<subfield code="b">al-Maṭbaʻah al-Iʻlāmīyah,</subfield>
<subfield code="c">1302 [1884]</subfield>
</datafield>
<datafield tag="300" ind1=" " ind2=" ">
<subfield code="a">280 p. ;</subfield>
<subfield code="c">20 cm.</subfield>
</datafield>
<datafield tag="740" ind1="0" ind2="2">
<subfield code="6">880-06</subfield>
<subfield code="a">ʻAyn al-adab wa-al-siyāsah wa-zayn al-ḥasab wa-al-riyāsah.</subfield>
</datafield>
<datafield tag="880" ind1="1" ind2=" ">
<subfield code="6">100-01/</subfield>
<subfield code="a">إبن هذيل، علي بن عبد الرحمن،</subfield>
<subfield code="d">active 14th century.</subfield>
</datafield>
<datafield tag="880" ind1="1" ind2="0">
<subfield code="6">240-02/</subfield>
<subfield code="a">عين الأدب والسياسة وزين الحسب والرياسة</subfield>
</datafield>
<datafield tag="880" ind1="1" ind2="0">
<subfield code="6">245-03/</subfield>
<subfield code="a">كتاب عين الأدب والسياسة وزين الحسب والرياسة /</subfield>
<subfield code="c">لأبي الحسن علي بن هذيل.</subfield>
</datafield>
<datafield tag="880" ind1=" " ind2=" ">
<subfield code="6">250-04/</subfield>
<subfield code="a">الطبعة 1.</subfield>
</datafield>
<datafield tag="880" ind1=" " ind2=" ">
<subfield code="6">260-05/</subfield>
<subfield code="a">مصر :</subfield>
<subfield code="b">المطبعة الإعلامية،</subfield>
<subfield code="c">1302 [1884]</subfield>
</datafield>
<datafield tag="880" ind1="0" ind2="2">
<subfield code="6">740-06/</subfield>
<subfield code="a">عين الأدب والسياسة وزين الحسب والرياسة</subfield>
</datafield>
<datafield tag="OWN" ind1=" " ind2=" ">
<subfield code="a">GENERAL</subfield>
</datafield>
<datafield tag="AVA" ind1=" " ind2=" ">
<subfield code="a">NYU50</subfield>
<subfield code="b">BOBST</subfield>
<subfield code="c">Main Collection</subfield>
<subfield code="d">BJ1291 .I24</subfield>
<subfield code="e">unavailable</subfield>
<subfield code="t">Unavailable</subfield>
<subfield code="f">1</subfield>
<subfield code="g">1</subfield>
<subfield code="h">N</subfield>
<subfield code="i">0</subfield>
<subfield code="j">MAIN</subfield>
<subfield code="k">0</subfield>
</datafield>
</record>
